<?xml version="1.0" encoding="UTF-8"?><record xmlns="http://www.loc.gov/MARC21/slim" xmlns:cinclude="http://apache.org/cocoon/include/1.0" xmlns:zs="http://www.loc.gov/zing/srw/">
  <leader>00634cz  a2200145n  4500</leader>
  <controlfield tag="001">n 2009210199</controlfield>
  <controlfield tag="003">DLC</controlfield>
  <controlfield tag="005">20090605075146.0</controlfield>
  <controlfield tag="008">090604n| acannaabn          |a ana      </controlfield>
  <datafield tag="010" ind1=" " ind2=" ">
    <subfield code="a">n 2009210199</subfield>
  </datafield>
  <datafield tag="040" ind1=" " ind2=" ">
    <subfield code="a">DLC</subfield>
    <subfield code="b">eng</subfield>
    <subfield code="c">DLC</subfield>
  </datafield>
  <datafield tag="110" ind1="2" ind2=" ">
    <subfield code="a">Turkish Cooperation and Development Agency</subfield>
  </datafield>
  <datafield tag="410" ind1="1" ind2=" ">
    <subfield code="a">Turkey.</subfield>
    <subfield code="b">Başvekâlet.</subfield>
    <subfield code="b">Turkish Cooperation and Development Agency</subfield>
  </datafield>
  <datafield tag="410" ind1="2" ind2=" ">
    <subfield code="a">TÝKA</subfield>
  </datafield>
  <datafield tag="670" ind1=" " ind2=" ">
    <subfield code="a">International Congress on Turkic Civilization (3rd : 2007 : Bishkek, Kyrgyzstan). "Globalization and the Turkic civilization", 2008:</subfield>
    <subfield code="b">introd. (Turkish Cooperation and Development Agency of the Prime Ministry of the Republic of Turkey; TÝKA)</subfield>
  </datafield>
</record>